<?xml version="1.0" encoding="UTF-8"?>
<record>
  <leader>01574nam#a2200385#c#4500</leader>
  <controlfield tag="005">20230209154052.0</controlfield>
  <controlfield tag="007">co#|||||||||||</controlfield>
  <controlfield tag="007">tu</controlfield>
  <controlfield tag="008">110411|1994####xx######q#####|||#|#fre#c</controlfield>
  <controlfield tag="003">DE-605</controlfield>
  <controlfield tag="001">990185619180206441</controlfield>
  <datafield tag="016" ind1="7" ind2=" ">
    <subfield code="a">1075349291</subfield>
    <subfield code="2">OCoLC</subfield>
  </datafield>
  <datafield tag="035" ind1=" " ind2=" ">
    <subfield code="a">(DE-605)TT003060418</subfield>
  </datafield>
  <datafield tag="040" ind1=" " ind2=" ">
    <subfield code="a">5/Inst</subfield>
    <subfield code="b">ger</subfield>
    <subfield code="c">5/Inst</subfield>
    <subfield code="e">rakwb</subfield>
  </datafield>
  <datafield tag="041" ind1=" " ind2=" ">
    <subfield code="a">fre</subfield>
  </datafield>
  <datafield tag="130" ind1="0" ind2=" ">
    <subfield code="a">Faust</subfield>
  </datafield>
  <datafield tag="245" ind1="1" ind2="0">
    <subfield code="a">Faust</subfield>
    <subfield code="h">Tonträger</subfield>
    <subfield code="b">Oper in fünf Akten</subfield>
    <subfield code="c">Charles Gounod. Jules Barbier [Libretto] ; Michel Carre [Libretto]. Andre Cluytens [Dir.]. Victoria de Los Angeles [Sopr] ; Niccolai Gedda [Ten] ; Ernest Blanc [Bariton] ; Boris Christoff [Baß]. Orchestre et Choeurs du Theatre National de l Opera</subfield>
  </datafield>
  <datafield tag="264" ind1=" " ind2="1">
    <subfield code="a">s.l.</subfield>
    <subfield code="b">EMI Records</subfield>
    <subfield code="c">c 1994</subfield>
  </datafield>
  <datafield tag="264" ind1=" " ind2="3">
    <subfield code="a">EMI Records Ltd, p 1969</subfield>
    <subfield code="c">c 1994</subfield>
  </datafield>
  <datafield tag="300" ind1=" " ind2=" ">
    <subfield code="a">3 CDs : stereo ; ADD</subfield>
  </datafield>
  <datafield tag="035" ind1=" " ind2=" ">
    <subfield code="a">(OCoLC)1075349291</subfield>
  </datafield>
  <datafield tag="961" ind1=" " ind2=" ">
    <subfield code="a">0777 7 69983 2 9</subfield>
  </datafield>
  <datafield tag="964" ind1="0" ind2="s">
    <subfield code="F">030</subfield>
    <subfield code="A">a|1uc||||||34</subfield>
  </datafield>
  <datafield tag="964" ind1="0" ind2="s">
    <subfield code="F">050</subfield>
    <subfield code="A">a|||||||d|||||</subfield>
  </datafield>
  <datafield tag="964" ind1="0" ind2="s">
    <subfield code="F">051</subfield>
    <subfield code="A">m|||||||</subfield>
  </datafield>
  <datafield tag="700" ind1="1" ind2=" ">
    <subfield code="a">Gounod, Charles</subfield>
    <subfield code="d">1818-1893</subfield>
    <subfield code="0">(DE-588)118718312</subfield>
    <subfield code="4">cmp</subfield>
    <subfield code="0">https://portal.dnb.de/opac.htm?method=simpleSearch&amp;cqlMode=true&amp;query=idn=118718312</subfield>
    <subfield code="0">http://viaf.org/viaf/sourceID/DNB|118718312</subfield>
    <subfield code="B">GND-118718312</subfield>
  </datafield>
  <datafield tag="700" ind1="1" ind2=" ">
    <subfield code="a">Barbier, Jules</subfield>
    <subfield code="d">1825-1901</subfield>
    <subfield code="0">(DE-588)119309998</subfield>
    <subfield code="4">oth</subfield>
    <subfield code="e">Libretto</subfield>
    <subfield code="0">https://portal.dnb.de/opac.htm?method=simpleSearch&amp;cqlMode=true&amp;query=idn=119309998</subfield>
    <subfield code="0">http://viaf.org/viaf/sourceID/DNB|119309998</subfield>
    <subfield code="B">GND-119309998</subfield>
  </datafield>
  <datafield tag="700" ind1="1" ind2=" ">
    <subfield code="a">Carré, Michel</subfield>
    <subfield code="d">1819-1872</subfield>
    <subfield code="0">(DE-588)119374536</subfield>
    <subfield code="4">oth</subfield>
    <subfield code="e">Libretto</subfield>
    <subfield code="0">https://portal.dnb.de/opac.htm?method=simpleSearch&amp;cqlMode=true&amp;query=idn=119374536</subfield>
    <subfield code="0">http://viaf.org/viaf/sourceID/DNB|119374536</subfield>
    <subfield code="B">GND-119374536</subfield>
  </datafield>
  <datafield tag="700" ind1="1" ind2=" ">
    <subfield code="a">Cluytens, André</subfield>
    <subfield code="4">cnd</subfield>
  </datafield>
  <datafield tag="700" ind1="1" ind2=" ">
    <subfield code="a">Angeles, Victoria De Los</subfield>
    <subfield code="4">sng</subfield>
    <subfield code="e">Sopran</subfield>
  </datafield>
  <datafield tag="700" ind1="1" ind2=" ">
    <subfield code="a">Gedda, Nicolai</subfield>
    <subfield code="d">1925-2017</subfield>
    <subfield code="0">(DE-588)120540215</subfield>
    <subfield code="4">sng</subfield>
    <subfield code="e">Tenor</subfield>
    <subfield code="0">https://portal.dnb.de/opac.htm?method=simpleSearch&amp;cqlMode=true&amp;query=idn=120540215</subfield>
    <subfield code="0">http://viaf.org/viaf/sourceID/DNB|120540215</subfield>
    <subfield code="B">GND-120540215</subfield>
  </datafield>
  <datafield tag="700" ind1="1" ind2=" ">
    <subfield code="a">Blanc, Ernest</subfield>
    <subfield code="4">sng</subfield>
    <subfield code="e">Bariton</subfield>
  </datafield>
  <datafield tag="700" ind1="1" ind2=" ">
    <subfield code="a">Christoff, Boris</subfield>
    <subfield code="4">oth</subfield>
    <subfield code="e">Baß</subfield>
  </datafield>
  <datafield tag="710" ind1="2" ind2=" ">
    <subfield code="a">Orchestre et Choeurs du Theatre National de L Opera</subfield>
    <subfield code="0">(DE-588)16294456-1</subfield>
    <subfield code="4">oth</subfield>
    <subfield code="0">https://portal.dnb.de/opac.htm?method=simpleSearch&amp;cqlMode=true&amp;query=idn=05613908X</subfield>
    <subfield code="0">http://viaf.org/viaf/sourceID/DNB|05613908X</subfield>
    <subfield code="B">GND-05613908X</subfield>
  </datafield>
  <datafield tag="500" ind1=" " ind2=" ">
    <subfield code="a">AD: 9+10/1958</subfield>
    <subfield code="9">F:501</subfield>
  </datafield>
  <datafield tag="MBD" ind1=" " ind2=" ">
    <subfield code="M">49HBZ_NETWORK</subfield>
    <subfield code="i">990185619180206441</subfield>
    <subfield code="n">HBZ Network</subfield>
  </datafield>
  <datafield tag="MBD" ind1=" " ind2=" ">
    <subfield code="M">49HBZ_ULB</subfield>
    <subfield code="i">991024987589706467</subfield>
    <subfield code="n">Universitaet Bonn</subfield>
  </datafield>
  <datafield tag="MNG" ind1=" " ind2=" ">
    <subfield code="c">System</subfield>
    <subfield code="f">ILS</subfield>
    <subfield code="i">marc21</subfield>
    <subfield code="k">01</subfield>
    <subfield code="e">false</subfield>
    <subfield code="d">2023-02-13 05:21:45 Europe/Berlin</subfield>
    <subfield code="g">018561918-HBZ01</subfield>
    <subfield code="j">60</subfield>
    <subfield code="a">import</subfield>
    <subfield code="b">2021-04-06 04:35:09 Europe/Berlin</subfield>
  </datafield>
  <datafield tag="H52" ind1="#" ind2=" ">
    <subfield code="b">SM</subfield>
    <subfield code="c">SM-Frei</subfield>
    <subfield code="h">7/441</subfield>
    <subfield code="8">22233589490006467</subfield>
  </datafield>
  <datafield tag="HOL" ind1=" " ind2=" ">
    <subfield code="b">2023-07-24 07:21:59</subfield>
    <subfield code="8">22233589490006467</subfield>
    <subfield code="M">49HBZ_ULB</subfield>
    <subfield code="g">false</subfield>
    <subfield code="a">import</subfield>
  </datafield>
  <datafield tag="ITM" ind1=" " ind2=" ">
    <subfield code="H">22233589490006467</subfield>
    <subfield code="x">SM-Frei</subfield>
    <subfield code="f">BOOK</subfield>
    <subfield code="v">SM-Frei</subfield>
    <subfield code="X">AMO_TL2_FIX</subfield>
    <subfield code="U">2023-07-23 12:59:00 Europe/Berlin</subfield>
    <subfield code="Y">2023-07-25 08:01:39 Europe/Berlin</subfield>
    <subfield code="h">false</subfield>
    <subfield code="n">7/441</subfield>
    <subfield code="G">1</subfield>
    <subfield code="M">49HBZ_ULB</subfield>
    <subfield code="s">1</subfield>
    <subfield code="d">#</subfield>
    <subfield code="V">import</subfield>
    <subfield code="L">01-S-080</subfield>
    <subfield code="b">SM-009391</subfield>
    <subfield code="O">SISIS-Ausleihzähler Migrationsjahr: 0 | SISIS-Ausleihzähler Vor-Migrationsjahr: 0 | SISIS-Ausleihzähler vorletztes Migrationsjahr: 0 | SISIS-Vormerkzähler Migrationsjahr: 0 | SISIS-Buchdaten-Aufnahmedatum: 2011-07-12</subfield>
    <subfield code="N">SISIS-ULBSystematik: 0 | SISIS-Magazindrucker: 0 | SISIS-Fernleihkonditionen: 3 | SISIS-Medientyp: 0 | Sigel: 5/58 | SISIS-Entleihbarkeit: X | SISIS-Zweigstelle: 42</subfield>
    <subfield code="a">23233589480006467</subfield>
    <subfield code="c">7/441</subfield>
    <subfield code="W">2023-07-24 09:21:59 Europe/Berlin</subfield>
    <subfield code="u">SM</subfield>
    <subfield code="w">SM</subfield>
  </datafield>
  <datafield tag="GSI" ind1="7" ind2=" ">
    <subfield code="a">http://d-nb.info/gnd/16294456-1</subfield>
    <subfield code="2">uri</subfield>
    <subfield code="A">GND</subfield>
    <subfield code="B">GND-05613908X</subfield>
    <subfield code="C">024</subfield>
  </datafield>
  <datafield tag="GPN" ind1="1" ind2=" ">
    <subfield code="a">Gädda, Harry Gustaf Nikolaj</subfield>
    <subfield code="d">1925-2017</subfield>
    <subfield code="4">nawi</subfield>
    <subfield code="4">http://d-nb.info/standards/elementset/gnd#realIdentity</subfield>
    <subfield code="w">r</subfield>
    <subfield code="i">Wirklicher Name</subfield>
    <subfield code="e">Wirklicher Name</subfield>
    <subfield code="A">GND</subfield>
    <subfield code="B">GND-120540215</subfield>
    <subfield code="C">400</subfield>
  </datafield>
  <datafield tag="GPN" ind1="1" ind2=" ">
    <subfield code="a">Ustinov, Nicolai Harry Gustav</subfield>
    <subfield code="d">1925-2017</subfield>
    <subfield code="A">GND</subfield>
    <subfield code="B">GND-120540215</subfield>
    <subfield code="C">400</subfield>
  </datafield>
  <datafield tag="GPN" ind1="1" ind2=" ">
    <subfield code="a">Gedda, Nikolai</subfield>
    <subfield code="d">1925-2017</subfield>
    <subfield code="A">GND</subfield>
    <subfield code="B">GND-120540215</subfield>
    <subfield code="C">400</subfield>
  </datafield>
  <datafield tag="GPN" ind1="1" ind2=" ">
    <subfield code="a">Gedda, N.</subfield>
    <subfield code="d">1925-2017</subfield>
    <subfield code="A">GND</subfield>
    <subfield code="B">GND-120540215</subfield>
    <subfield code="C">400</subfield>
  </datafield>
  <datafield tag="GPN" ind1="1" ind2=" ">
    <subfield code="a">Ustinoff, Nicolai Harry Gustaf</subfield>
    <subfield code="d">1925-2017</subfield>
    <subfield code="A">GND</subfield>
    <subfield code="B">GND-120540215</subfield>
    <subfield code="C">400</subfield>
  </datafield>
  <datafield tag="GPN" ind1="1" ind2=" ">
    <subfield code="a">Ustinoff, Nikolai</subfield>
    <subfield code="d">1925-2017</subfield>
    <subfield code="A">GND</subfield>
    <subfield code="B">GND-120540215</subfield>
    <subfield code="C">400</subfield>
  </datafield>
  <datafield tag="GPN" ind1="1" ind2=" ">
    <subfield code="a">Gädda, Harry Gustaf Nikolai</subfield>
    <subfield code="d">1925-2017</subfield>
    <subfield code="A">GND</subfield>
    <subfield code="B">GND-120540215</subfield>
    <subfield code="C">400</subfield>
  </datafield>
  <datafield tag="GSI" ind1="7" ind2=" ">
    <subfield code="a">http://d-nb.info/gnd/120540215</subfield>
    <subfield code="2">uri</subfield>
    <subfield code="A">GND</subfield>
    <subfield code="B">GND-120540215</subfield>
    <subfield code="C">024</subfield>
  </datafield>
  <datafield tag="GPN" ind1="1" ind2=" ">
    <subfield code="a">Carré, Michel-Florentin</subfield>
    <subfield code="d">1819-1872</subfield>
    <subfield code="A">GND</subfield>
    <subfield code="B">GND-119374536</subfield>
    <subfield code="C">400</subfield>
  </datafield>
  <datafield tag="GPN" ind1="1" ind2=" ">
    <subfield code="a">Carré, Michel Florentin</subfield>
    <subfield code="d">1819-1872</subfield>
    <subfield code="A">GND</subfield>
    <subfield code="B">GND-119374536</subfield>
    <subfield code="C">400</subfield>
  </datafield>
  <datafield tag="GPN" ind1="1" ind2=" ">
    <subfield code="a">Carré, Michele</subfield>
    <subfield code="d">1819-1872</subfield>
    <subfield code="A">GND</subfield>
    <subfield code="B">GND-119374536</subfield>
    <subfield code="C">400</subfield>
  </datafield>
  <datafield tag="GPN" ind1="1" ind2=" ">
    <subfield code="a">Carré, Michael</subfield>
    <subfield code="d">1819-1872</subfield>
    <subfield code="A">GND</subfield>
    <subfield code="B">GND-119374536</subfield>
    <subfield code="C">400</subfield>
  </datafield>
  <datafield tag="GPN" ind1="1" ind2=" ">
    <subfield code="a">Carré, M.</subfield>
    <subfield code="d">1819-1872</subfield>
    <subfield code="A">GND</subfield>
    <subfield code="B">GND-119374536</subfield>
    <subfield code="C">400</subfield>
  </datafield>
  <datafield tag="GPN" ind1="0" ind2=" ">
    <subfield code="a">Carré</subfield>
    <subfield code="d">1819-1872</subfield>
    <subfield code="A">GND</subfield>
    <subfield code="B">GND-119374536</subfield>
    <subfield code="C">400</subfield>
  </datafield>
  <datafield tag="GPN" ind1="1" ind2=" ">
    <subfield code="a">Kārre, M.</subfield>
    <subfield code="d">1819-1872</subfield>
    <subfield code="A">GND</subfield>
    <subfield code="B">GND-119374536</subfield>
    <subfield code="C">400</subfield>
  </datafield>
  <datafield tag="GPN" ind1="1" ind2=" ">
    <subfield code="a">Carré, Michel</subfield>
    <subfield code="c">Sr.</subfield>
    <subfield code="d">1819-1872</subfield>
    <subfield code="A">GND</subfield>
    <subfield code="B">GND-119374536</subfield>
    <subfield code="C">400</subfield>
  </datafield>
  <datafield tag="GSI" ind1="7" ind2=" ">
    <subfield code="a">119374536</subfield>
    <subfield code="0">http://d-nb.info/gnd/119374536</subfield>
    <subfield code="2">gnd</subfield>
    <subfield code="A">GND</subfield>
    <subfield code="B">GND-119374536</subfield>
    <subfield code="C">024</subfield>
  </datafield>
  <datafield tag="GPN" ind1="1" ind2=" ">
    <subfield code="a">Barbier, Paul-Jules</subfield>
    <subfield code="d">1825-1901</subfield>
    <subfield code="4">navo</subfield>
    <subfield code="4">https://d-nb.info/standards/elementset/gnd#FullerFormOfNameOfThePerson</subfield>
    <subfield code="w">r</subfield>
    <subfield code="i">Vollstaendiger Name</subfield>
    <subfield code="e">Vollstaendiger Name</subfield>
    <subfield code="A">GND</subfield>
    <subfield code="B">GND-119309998</subfield>
    <subfield code="C">400</subfield>
  </datafield>
  <datafield tag="GPN" ind1="1" ind2=" ">
    <subfield code="a">Barbier, Paul Jules</subfield>
    <subfield code="d">1825-1901</subfield>
    <subfield code="A">GND</subfield>
    <subfield code="B">GND-119309998</subfield>
    <subfield code="C">400</subfield>
  </datafield>
  <datafield tag="GPN" ind1="1" ind2=" ">
    <subfield code="a">Barbier, P. Jules</subfield>
    <subfield code="d">1825-1901</subfield>
    <subfield code="A">GND</subfield>
    <subfield code="B">GND-119309998</subfield>
    <subfield code="C">400</subfield>
  </datafield>
  <datafield tag="GPN" ind1="1" ind2=" ">
    <subfield code="a">Barbier, P.-J.</subfield>
    <subfield code="d">1825-1901</subfield>
    <subfield code="A">GND</subfield>
    <subfield code="B">GND-119309998</subfield>
    <subfield code="C">400</subfield>
  </datafield>
  <datafield tag="GPN" ind1="1" ind2=" ">
    <subfield code="a">Barbier, Jules Paul</subfield>
    <subfield code="d">1825-1901</subfield>
    <subfield code="A">GND</subfield>
    <subfield code="B">GND-119309998</subfield>
    <subfield code="C">400</subfield>
  </datafield>
  <datafield tag="GPN" ind1="1" ind2=" ">
    <subfield code="a">Barbier, Julius</subfield>
    <subfield code="d">1825-1901</subfield>
    <subfield code="A">GND</subfield>
    <subfield code="B">GND-119309998</subfield>
    <subfield code="C">400</subfield>
  </datafield>
  <datafield tag="GPN" ind1="1" ind2=" ">
    <subfield code="a">Barbier, J.</subfield>
    <subfield code="d">1825-1901</subfield>
    <subfield code="A">GND</subfield>
    <subfield code="B">GND-119309998</subfield>
    <subfield code="C">400</subfield>
  </datafield>
  <datafield tag="GPN" ind1="1" ind2=" ">
    <subfield code="a">Barbier, Giulio</subfield>
    <subfield code="d">1825-1901</subfield>
    <subfield code="A">GND</subfield>
    <subfield code="B">GND-119309998</subfield>
    <subfield code="C">400</subfield>
  </datafield>
  <datafield tag="GPN" ind1="1" ind2=" ">
    <subfield code="a">Barbier, Michel</subfield>
    <subfield code="d">1825-1901</subfield>
    <subfield code="A">GND</subfield>
    <subfield code="B">GND-119309998</subfield>
    <subfield code="C">400</subfield>
  </datafield>
  <datafield tag="GPN" ind1="1" ind2=" ">
    <subfield code="a">Barber, Jules</subfield>
    <subfield code="d">1825-1901</subfield>
    <subfield code="A">GND</subfield>
    <subfield code="B">GND-119309998</subfield>
    <subfield code="C">400</subfield>
  </datafield>
  <datafield tag="GSI" ind1="7" ind2=" ">
    <subfield code="a">119309998</subfield>
    <subfield code="0">http://d-nb.info/gnd/119309998</subfield>
    <subfield code="2">gnd</subfield>
    <subfield code="A">GND</subfield>
    <subfield code="B">GND-119309998</subfield>
    <subfield code="C">024</subfield>
  </datafield>
  <datafield tag="GPN" ind1="1" ind2=" ">
    <subfield code="a">Gounod, Charles François</subfield>
    <subfield code="d">1818-1893</subfield>
    <subfield code="4">navo</subfield>
    <subfield code="i">Vollstaendiger Name</subfield>
    <subfield code="9">v:MGG</subfield>
    <subfield code="A">GND</subfield>
    <subfield code="B">GND-118718312</subfield>
    <subfield code="C">400</subfield>
  </datafield>
  <datafield tag="GPN" ind1="1" ind2=" ">
    <subfield code="a">Gounod, Charles-François</subfield>
    <subfield code="d">1818-1893</subfield>
    <subfield code="9">v:Diz. mus.</subfield>
    <subfield code="A">GND</subfield>
    <subfield code="B">GND-118718312</subfield>
    <subfield code="C">400</subfield>
  </datafield>
  <datafield tag="GPN" ind1="1" ind2=" ">
    <subfield code="a">Gounod, Ch.</subfield>
    <subfield code="d">1818-1893</subfield>
    <subfield code="A">GND</subfield>
    <subfield code="B">GND-118718312</subfield>
    <subfield code="C">400</subfield>
  </datafield>
  <datafield tag="GPN" ind1="1" ind2=" ">
    <subfield code="a">Gounod, Carlo</subfield>
    <subfield code="d">1818-1893</subfield>
    <subfield code="A">GND</subfield>
    <subfield code="B">GND-118718312</subfield>
    <subfield code="C">400</subfield>
  </datafield>
  <datafield tag="GPN" ind1="1" ind2=" ">
    <subfield code="a">Gounod, C.</subfield>
    <subfield code="d">1818-1893</subfield>
    <subfield code="A">GND</subfield>
    <subfield code="B">GND-118718312</subfield>
    <subfield code="C">400</subfield>
  </datafield>
  <datafield tag="GPN" ind1="1" ind2=" ">
    <subfield code="a">Gounod, Felix-Charles</subfield>
    <subfield code="d">1818-1893</subfield>
    <subfield code="A">GND</subfield>
    <subfield code="B">GND-118718312</subfield>
    <subfield code="C">400</subfield>
  </datafield>
  <datafield tag="GPN" ind1="1" ind2=" ">
    <subfield code="a">Gounod, Felix Charles</subfield>
    <subfield code="d">1818-1893</subfield>
    <subfield code="A">GND</subfield>
    <subfield code="B">GND-118718312</subfield>
    <subfield code="C">400</subfield>
  </datafield>
  <datafield tag="GPN" ind1="1" ind2=" ">
    <subfield code="a">Gounod, Karol</subfield>
    <subfield code="d">1818-1893</subfield>
    <subfield code="A">GND</subfield>
    <subfield code="B">GND-118718312</subfield>
    <subfield code="C">400</subfield>
  </datafield>
  <datafield tag="GPN" ind1="1" ind2=" ">
    <subfield code="a">Gounod, Károly</subfield>
    <subfield code="d">1818-1893</subfield>
    <subfield code="A">GND</subfield>
    <subfield code="B">GND-118718312</subfield>
    <subfield code="C">400</subfield>
  </datafield>
  <datafield tag="GPN" ind1="0" ind2=" ">
    <subfield code="a">Gounod</subfield>
    <subfield code="d">1818-1893</subfield>
    <subfield code="A">GND</subfield>
    <subfield code="B">GND-118718312</subfield>
    <subfield code="C">400</subfield>
  </datafield>
  <datafield tag="GPN" ind1="1" ind2=" ">
    <subfield code="a">Guno, K.</subfield>
    <subfield code="d">1818-1893</subfield>
    <subfield code="9">v:russ. Namensform</subfield>
    <subfield code="A">GND</subfield>
    <subfield code="B">GND-118718312</subfield>
    <subfield code="C">400</subfield>
  </datafield>
  <datafield tag="GPN" ind1="1" ind2=" ">
    <subfield code="a">Guno, Š.</subfield>
    <subfield code="d">1818-1893</subfield>
    <subfield code="A">GND</subfield>
    <subfield code="B">GND-118718312</subfield>
    <subfield code="C">400</subfield>
  </datafield>
  <datafield tag="GPN" ind1="0" ind2=" ">
    <subfield code="a">Bach-Gounod</subfield>
    <subfield code="d">1818-1893</subfield>
    <subfield code="9">v:scheinbarer Doppelname</subfield>
    <subfield code="A">GND</subfield>
    <subfield code="B">GND-118718312</subfield>
    <subfield code="C">400</subfield>
  </datafield>
  <datafield tag="GSI" ind1="7" ind2=" ">
    <subfield code="a">118718312</subfield>
    <subfield code="0">http://d-nb.info/gnd/118718312</subfield>
    <subfield code="2">gnd</subfield>
    <subfield code="A">GND</subfield>
    <subfield code="B">GND-118718312</subfield>
    <subfield code="C">024</subfield>
  </datafield>
  <datafield tag="GSI" ind1="7" ind2=" ">
    <subfield code="a">0000 0001 22780819</subfield>
    <subfield code="2">isni</subfield>
    <subfield code="A">GND</subfield>
    <subfield code="B">GND-118718312</subfield>
    <subfield code="C">024</subfield>
  </datafield>
  <datafield tag="GSI" ind1="7" ind2=" ">
    <subfield code="a">Q180278</subfield>
    <subfield code="2">wikidata</subfield>
    <subfield code="A">GND</subfield>
    <subfield code="B">GND-118718312</subfield>
    <subfield code="C">024</subfield>
  </datafield>
</record>
